@article{
    Allenby_Rossi_McCulloch_2005, 
    address={Rochester, NY}, 
    type={SSRN Scholarly Paper}, 
    title={Hierarchical {Bayes} Models: A Practitioners Guide}, 
    url={https://papers.ssrn.com/abstract=655541}, 
    DOI={10.2139/ssrn.655541}, 
    author={Allenby, Greg M. and Rossi , Peter E. and McCulloch, Robert E.}, 
    year={2005}, 
    month=jan, 
    language={en}, 
    journal={Journal of {Bayesian} Applications in Marketing} 
}

@inproceedings{michael_peng_probing_2024,
    title = {Probing and {Modeling} {Large}-scale {Airline} {Network} {Disruptions}: 2022 {Southwest} {Airlines} {Scheduling} {Crisis}},
    url = {https://www.icas.org/ICAS_ARCHIVE/ICAS2024/data/papers/ICAS2024_0782_paper.pdf},
    booktitle = {34th Congress of the International Council of the Aeronautical Sciences},
    author = {Michael Peng and Armaan Kamat and Van Tran and Charles Dawson and Chuchu Fan and Max Z. Li},
    year = {2024},
}

@misc{iem_nexrad_mosaic,
    title = {{IEM} generated {NEXRAD} Mosaics},
    url = {https://mesonet.agron.iastate.edu/docs/nexrad_mosaic/},
    author = {Iowa Environmental Mesonet},
    urldate = {2025-05-09},
}

@misc{faa_numbers_2024,
    title = {Air Traffic By The Numbers},
    url={https://www.faa.gov/air_traffic/by_the_numbers},
    urldate = {2025-02-03},
    author = {{Federal Aviation Administration}},
    month=sep,
    year = {2024},
}

@misc{faa_lga_2024,
    url={https://www.federalregister.gov/d/2024-10298/p-22},
    title={Operating Limitations at {New} {York} {LaGuardia} Airport},
    urldate = {2025-02-06},
    author = {{Federal Aviation Administration}},
    month=may,
    year={2024},
}

@misc{faa_faq_2024,
    title = {{FAQ}: Weather Delay} ,
    url = {https://www.faa.gov/nextgen/programs/weather/faq},
    urldate = {2025-01-08},
    author = {{Federal Aviation Administration}},
    month = sep,
    year = {2024},
}

@misc{faa_tmi_2024,
    title={Order {JO} {7210.3DD} - {Facility} Operation and Administration},
    url = {https://www.faa.gov/regulations_policies/orders_notices/index.cfm/go/document.information/documentID/1041701},
    urldate = {2025-02-06},
    author = {{Federal Aviation Administration}},
    month = apr,
    year = {2020},
}

@misc{faa_nas_2023,
    title = {Appendix A - National Airspace System Overview},
    url = {https://www.faa.gov/sites/faa.gov/files/air_traffic/nas/nynjphl_redesign/documentation/Appendix_A-National_Airspace_System_Overview.pdf},
    urldate = {2025-05-08},
    author = {{Federal Aviation Administration}},
    month = apr,
    year = {2020},
} 

@misc{faa_tfm_prez_2009,
    title = {Traffic Flow Management in the {National} {Airspace} {System}},
    url ={https://www.fly.faa.gov/Products/Training/Traffic_Management_for_Pilots/TFM_in_the_NAS_Booklet_ca10.pdf},
    urldate = {2025-05-08},
    author = {{Federal Aviation Administration}},
    month = oct,
    year = {2009}
}

@misc{faa_tfm_overview_2025,
    title = {Traffic Management Overview},
    url = {https://www.faa.gov/nextgen/programs/weather/tfm_support/overview},
    urldate = {2025-05-08},
    author = {{Federal Aviation Administration}},
    month = apr,
    year = {2025}

}

@misc{faa_about_2025,
    title = {About FAA},
    url = {https://www.faa.gov/about},
    urldate = {2025-05-08},
    author = {{Federal Aviation Administration}},
    month = apr,
    year = {2025}
}

@misc{faa_sim_2024,
    title = {Simulation Tools},
    url = {https://www.faa.gov/about/office_org/headquarters_offices/ato/service_units/systemops/perf_analysis/sim_tools},
    urldate = {2025-05-08},
    author = {{Federal Aviation Administration}},
    month = nov,
    year = {2024}
}


@misc{faa_status_2025,
    title = {National Airspace System Status},
    url = {https://nasstatus.faa.gov/},
    urldate = {2025-05-09},
    author = {{Federal Aviation Administration}},
    month = may,
    year = {2025}
}

@misc{southwest_chronic_2025,
    title = {DOT Sues Southwest Airlines for Chronically Delayed Flights},
    url = {https://www.transportation.gov/briefing-room/dot-sues-southwest-airlines-chronically-delayed-flights},
    urldate = {2025-05-15},
    author = {{U.S. Department of Transportation}},
    month = jan,
    year = {2025},
}

@misc{bts_chronic,
    title = {Chronically Delayed Flights},
    url = {https://www.bts.gov/topics/chronically-delayed-flights},
    urldate = {2025-05-15},
    author = {{Bureau of Transportation Statistics}},
    year = {2025}
}

@misc{faa_newark_staffing_2025,
    title = {FAA Statements on Newark Liberty International Airport},
    url = {https://www.faa.gov/newsroom/faa-statements-newark-liberty-international-airport},
    urldate = {2025-05-15},
    author = {{Federal Aviation Administration}},
    month = may,
    year = {2025}
}

@misc{faa_construction_2025,
    title = {Q1-2025 Airport Construction Impact Report},
    url = {https://www.faa.gov/about/office_org/headquarters_offices/ato/service_units/systemops/perf_analysis/slot_administration/data/doc/Q1_2025_508_Airport_Construction_Impact_Report.pdf},
    urldate = {2025-05-15},
    author = {{Federal Aviation Administration}},
    month = jan,
    year = {2025}
}

@article{nbc_logan_2025,
    author = {Thea DiGiammerino},
    date = {2025-01-12},
    title = {Snow and ice delay hundreds of flights at Logan Airport},
    journal = {NBC Boston},
    url = {https://www.nbcboston.com/news/local/snow-and-ice-delay-hundreds-of-flights-at-logan-airport/3598964/},
    urldate = {2025-05-15}
}

@article{apnews_newark_2025,
    author = {Josh Funk},
    date = {2025-05-09},
    title = {Air traffic controllers for Newark airport briefly lose radar access again},
    journal = {Associated Press News},
    url = {https://apnews.com/article/newark-airport-radar-outage-c41c772690e710b39412cd02c83819f0},
    urldate = {2025-05-15}
}

@article{cnn_southwest_2022,
    author = {David Goldman},
    date = {2022-12-28},
    title = {Why Southwest is melting down},
    journal = {CNN},
    url = {https://www.cnn.com/2022/12/27/business/southwest-airlines-service-meltdown},
    urldate = {2025-05-15}
}

@article{cnn_southwest_2021,
    author = {Chris Isidore},
    date = {2021-10-21},
    title = {Southwest’s service meltdown cost it \$75 million},
    journal = {CNN},
    url = {https://www.cnn.com/2021/10/21/business/southwest-flight-cancellations-cost/index.html},
    urldate = {2025-05-15}
}

@article{cnbc_delta_crowdstrike_2024,
    author = {Leslie Joseph and Ece Yildirim},
    date = {2024-07-31},
    title = {Delta CEO says CrowdStrike-Microsoft outage cost the airline \$500 million},
    journal = {CNBC},
    url = {https://www.cnbc.com/2024/07/31/delta-ceo-crowdstrike-microsoft-outage-cost-the-airline-500-million.html},
    urldate = {2025-05-15}
}

@article{usatoday_aa_2018,
    author = {},
    date = {2018-06-21},
    title = {American: 2,800 flights canceled since Thursday, but partner meltdown over},
    journal = {USA Today},
    url = {https://www.usatoday.com/story/travel/flights/todayinthesky/2018/06/20/american-airlines-meltdown-psa-airlines-affiliate-flight-cancellations/717054002/},
    urldate = {2025-05-15}
}

@article{cnn_delta_2017,
    author = {Jon Ostrower and Joe Sterling},
    date = {2017-04-09},
    title = {Delta’s woes persist through weekend, with more flights canceled},
    journal = {CNN},
    url = {https://www.cnn.com/2017/04/07/business/storms-delta-cancellations},
    urldate = {2025-05-15}
}



@inproceedings{
    Lauderdale_Windhorst_Coppenbarger_Thipphavong_Erzberger_2024, 
    address={Las Vegas, Nevada}, 
    title={The National Airspace System (NAS) Digital Twin Simulation Environment}, 
    ISBN={9781624107160}, 
    url={https://arc.aiaa.org/doi/10.2514/6.2024-4011}, 
    DOI={10.2514/6.2024-4011}, 
    booktitle={AIAA AVIATION FORUM AND ASCEND 2024}, 
    publisher={American Institute of Aeronautics and Astronautics}, 
    author={Lauderdale, Todd A. and Windhorst, Robert D. and Coppenbarger, Richard and Thipphavong, David P. and Erzberger, Heinz}, 
    year={2024}, 
    month=jul, 
    language={en} 
}

@inproceedings{lee_pritchett_2001,
    author={Seungman Lee and Pritchett, A. and Goldsman, D.},
    booktitle={20th DASC. 20th Digital Avionics Systems Conference (Cat. No.01CH37219)}, 
    title={Hybrid agent-based simulation for analyzing the National Airspace System}, 
    year={2001},
    volume={2},
    number={},
    pages={6E1/1-6E1/10 vol.2},
    keywords={Analytical models;Computational modeling;Predictive models;Large-scale systems;Discrete event simulation;Aircraft navigation;Computer architecture;Aerospace control;Communication system control;Control systems},
    doi={10.1109/DASC.2001.964178}
}




% https://www.faa.gov/air_traffic/nas


@misc{dot_penalizes_2023, 
    title={{DOT} Penalizes {Southwest} {Airlines} \$140 Million for 2022 Holiday Meltdown}, 
    author={{U.S. Department of Transportation}}, 
    url={https://www.transportation.gov/briefing-room/dot-penalizes-southwest-airlines-140-million-2022-holiday-meltdown}, 
    month=dec,
    year={2023},
}


@misc{bts_causes_2024,
    title={Understanding the Reporting of Causes of Flight Delays and Cancellations {\textbar} {Bureau} of {Transportation} {Statistics}},
    url = {https://www.bts.gov/topics/airlines-and-airports/understanding-reporting-causes-flight-delays-and-cancellations},
    author={{U.S. Department of Transportation}}
}


@inproceedings{jones_risk-adjusted_2023,
    title = {Risk-Adjusted Traffic Management Strategies for Convective Weather  Conditions},
    booktitle = {Fifteenth {USA}/{Europe} Air Traffic Management Research and Development Seminar},
    author = {Jones, James C. and Ellenbogen, Zachary},
    month = jun,
    year = {2023},
}

@article{parashar2024learning,
    title={Learning-based Bayesian Inference for Testing of Autonomous Systems},
    author={Parashar, Anjali and Yin, Ji and Dawson, Charles and Tsiotras, Panagiotis and Fan, Chuchu},
    journal={IEEE Robotics and Automation Letters},
    year={2024},
    publisher={IEEE},
}


@article{stuart2010inverse,
    title={Inverse problems: a Bayesian perspective},
    author={Stuart, Andrew M},
    journal={Acta numerica},
    volume={19},
    pages={451--559},
    year={2010},
    publisher={Cambridge University Press}
}


@phdthesis{dawson2024breaking,
    title={Breaking things so you don’t have to: risk assessment and failure prediction for cyber-physical AI},
    author={Dawson, Charles Burke},
    year={2024},
    school={Massachusetts Institute of Technology}
}

@misc{bts_transstats_nodate,
    title = {Reporting Carrier On-Time Performance (1987-present)},
    url = {https://www.transtats.bts.gov/Fields.asp?gnoyr_VQ=FGJ},
    urldate = {2024-12-06},
    author = {{Bureau of Transportation Statistics}},
}

@misc{2014lga,
    title={{LaGuardia} airport planning capacity profiles},
    author={{Federal Aviation Administration}},
    note={},
    year={2014},    
    url={https://www.faa.gov/sites/faa.gov/files/airports/planning_capacity/profiles/LGA-Airport-Capacity-Profile-2014.pdf},
}

@misc{weatherdata,
    title={Local Climatological Data Version 2 (LCDv2) Dataset Documentation},
    author={National Oceanic and Atmospheric Administration},
    note={},
    year={},
    howpublished="\url{https://www.ncei.noaa.gov/oa/local-climatological-data/v2/doc/lcdv2_DOCUMENTATION.pdf }",
}

@article{ferger1931nature,
    title={The nature and use of the harmonic mean},
    author={Ferger, Wirth F},
    journal={Journal of the American Statistical Association},
    volume={26},
    number={173},
    pages={36--40},
    year={1931},
    publisher={Taylor \& Francis}
}

@article{bingham2019pyro,
    title={Pyro: Deep universal probabilistic programming},
    author={Bingham, Eli and Chen, Jonathan P and Jankowiak, Martin and Obermeyer, Fritz and Pradhan, Neeraj and Karaletsos, Theofanis and Singh, Rohit and Szerlip, Paul and Horsfall, Paul and Goodman, Noah D},
    journal={Journal of machine learning research},
    volume={20},
    number={28},
    pages={1--6},
    year={2019}
}

@article{rozet2024probabilists,
    title={probabilists/zuko: Zuko 1.1. 0},
    author={Rozet, Fran{\c{c}}ois and Divo, Felix and Schnake, Simon},
    journal={Zenodo},
    year={2024}
}

@article{durkan2019neural,
    title={Neural spline flows},
    author={Durkan, Conor and Bekasov, Artur and Murray, Iain and Papamakarios, George},
    journal={Advances in neural information processing systems},
    volume={32},
    year={2019}
}

@article{flowgmm2019, 
    title={Semi-Supervised Learning with Normalizing Flows}, 
    url={https://proceedings.mlr.press/v119/izmailov20a/izmailov20a.pdf}, 
    journal={Proceedings of Machine Learning Research},
    author={Izmailov, Pavel and Kirichenko, Polina and Finzi, Marc and Wilson, Andrew Gordon}, 
    year={2019}, 
    month=dec 
}

@article{
    parashar2024failure,
    title={Failure Prediction from Few Expert Demonstrations},
    author={Anjali Parashar and Kunal Garg and Joseph Zhang and Chuchu Fan},
    journal={NeurIPS 2024 Workshop on Bayesian Decision-making and Uncertainty},
    year={2024},
    url={https://openreview.net/forum?id=Mb91zIJvzi}
}

@INPROCEEDINGS{maurya2016,
    author={Maurya, Abhinav},
    booktitle={2016 IEEE International Conference on Big Data (Big Data)}, 
    title={Bayesian optimization for predicting rare internal failures in manufacturing processes}, 
    year={2016},
    volume={},
    number={},
    pages={2036-2045},
    keywords={Bayesian Optimization;Gaussian Processes;Manufacturing Failure Detection;Imbalanced Binary Classification},
    doi={10.1109/BigData.2016.7840827}
}

@article{blei2017variational,
    title={Variational inference: A review for statisticians},
    author={Blei, David M and Kucukelbir, Alp and McAuliffe, Jon D},
    journal={Journal of the American statistical Association},
    volume={112},
    number={518},
    pages={859--877},
    year={2017},
    publisher={Taylor \& Francis}
}

@article{zhang2018advances,
    title={Advances in variational inference},
    author={Zhang, Cheng and B{\"u}tepage, Judith and Kjellstr{\"o}m, Hedvig and Mandt, Stephan},
    journal={IEEE transactions on pattern analysis and machine intelligence},
    volume={41},
    number={8},
    pages={2008--2026},
    year={2018},
    publisher={IEEE}
}

@misc{robert2016metropolishastingsalgorithm,
      title={The Metropolis-Hastings algorithm}, 
      author={Christian P. Robert},
      year={2016},
      eprint={1504.01896},
      archivePrefix={arXiv},
      primaryClass={stat.CO},
      url={https://arxiv.org/abs/1504.01896}, 
}

@article{laplace1776,
    ISSN = {08834237, 21688745},
    URL = {http://www.jstor.org/stable/2245476},
    author = {Pierre Simon Laplace},
    journal = {Statistical Science},
    number = {3},
    pages = {364--378},
    publisher = {Institute of Mathematical Statistics},
    title = {Memoir on the Probability of the Causes of Events},
    urldate = {2025-02-06},
    volume = {1},
    year = {1986}
}

@article{metropolis_1953, 
    title={Equation of State Calculations by Fast Computing Machines}, volume={21}, 
    ISSN={0021-9606, 1089-7690}, url={https://pubs.aip.org/jcp/article/21/6/1087/202680/Equation-of-State-Calculations-by-Fast-Computing}, 
    DOI={10.1063/1.1699114}, 
    number={6}, 
    journal={The Journal of Chemical Physics}, 
    author={Metropolis, Nicholas and Rosenbluth, Arianna W. and Rosenbluth, Marshall N. and Teller, Augusta H. and Teller, Edward}, 
    year={1953}, 
    month=jun, 
    pages={1087–1092}, 
    language={en} 
}

@article{
    abc_2013, 
    title={Approximate Bayesian Computation},
    volume={9}, 
    ISSN={1553-7358}, 
    url={https://dx.plos.org/10.1371/journal.pcbi.1002803}, 
    DOI={10.1371/journal.pcbi.1002803}, 
    number={1},     
    journal={PLoS Computational Biology}, 
    author={Sunnåker, Mikael and Busetto, Alberto Giovanni and Numminen, Elina and Corander, Jukka and Foll, Matthieu and Dessimoz, Christophe}, 
    editor={Wodak, Shoshana}, 
    year={2013},    
    month=jan, 
    pages={e1002803}, 
    language={en} 
}

@article{yacoby2020failure,
    title={Failure Modes of Variational Autoencoders and Their Effects on Downstream Tasks},
    author={Yaniv Yacoby and Weiwei Pan and Finale Doshi-Velez},
    journal={ArXiv},
    year={2020},
    volume={abs/2007.07124},
    url={https://api.semanticscholar.org/CorpusID:220514314}
}


@InProceedings{pmlr-v211-delecki23a,
    title = 	 {Model-based Validation as Probabilistic Inference},
    author =       {Delecki, Harrison and Corso, Anthony and Kochenderfer, Mykel},
    booktitle = 	 {Proceedings of The 5th Annual Learning for Dynamics and Control Conference},
    pages = 	 {825--837},
    year = 	 {2023},
    editor = 	 {Matni, Nikolai and Morari, Manfred and Pappas, George J.},
    volume = 	 {211},
    series = 	 {Proceedings of Machine Learning Research},
    month = 	 {6},
    publisher =    {PMLR},
    pdf = 	 {https://proceedings.mlr.press/v211/delecki23a/delecki23a.pdf},
}

@InProceedings{pmlr-v229-dawson23a,
    title = 	 {A Bayesian approach to breaking things: efficiently predicting and repairing failure modes via sampling},
    author =       {Dawson, Charles and Fan, Chuchu},
    booktitle = 	 {Proceedings of The 7th Conference on Robot Learning},
    pages = 	 {1706--1722},
    year = 	 {2023},
    editor = 	 {Tan, Jie and Toussaint, Marc and Darvish, Kourosh},
    volume = 	 {229},
    series = 	 {Proceedings of Machine Learning Research},
    month = 	 {11},
    publisher =    {PMLR},
    pdf = 	 {https://proceedings.mlr.press/v229/dawson23a/dawson23a.pdf},
    url = 	 {https://proceedings.mlr.press/v229/dawson23a.html},
}


@article{Asghar2024EfficientRE,
    title={Efficient rare event sampling with unsupervised normalizing flows},
    author={Solomon Asghar and Qing-Xiang Pei and Giorgio Volpe and Ran Ni},
    journal={Nature Machine Intelligence},
    year={2024},
    url={https://api.semanticscholar.org/CorpusID:266725520}
}

@inproceedings{
    dawson2025rare,
    title={Rare event modeling with self-regularized normalizing flows: what can we learn from a single failure?},
    author={Charles Dawson and Van Tran and Max Z. Li and Chuchu Fan},
    booktitle={The Thirteenth International Conference on Learning Representations},
    year={2025},
    url={https://openreview.net/forum?id=gQoBw7sGAu}
}

@misc{abdollahzadeh2023surveygenerativemodelinglimited,
      title={A Survey on Generative Modeling with Limited Data, Few Shots, and Zero Shot}, 
      author={Milad Abdollahzadeh and Touba Malekzadeh and Christopher T. H. Teo and Keshigeyan Chandrasegaran and Guimeng Liu and Ngai-Man Cheung},
      year={2023},
      eprint={2307.14397},
      archivePrefix={arXiv},
      primaryClass={cs.CV},
      url={https://arxiv.org/abs/2307.14397}, 
}

@article{yue2023gan,
    title={Gan-lstm-based ads-b attack detection in the context of air traffic control},
    author={Yue, Meng and Zheng, Han and Cui, Haoran and Wu, Zhijun},
    journal={IEEE Internet of Things Journal},
    volume={10},
    number={14},
    pages={12651--12665},
    year={2023},
    publisher={IEEE}
}

@article{pinto2023deep,
    title={Deep learning in air traffic management (ATM): a survey on applications, opportunities, and open challenges},
    author={Pinto Neto, Euclides Carlos and Baum, Derick Moreira and Almeida Jr, Jorge Rady de and Camargo Jr, Jo{\~a}o Batista and Cugnasca, Paulo Sergio},
    journal={Aerospace},
    volume={10},
    number={4},
    pages={358},
    year={2023},
    publisher={MDPI}
}


@misc{kingma2022autoencodingvariationalbayes,
      title={Auto-Encoding Variational Bayes}, 
      author={Diederik P Kingma and Max Welling},
      year={2022},
      eprint={1312.6114},
      archivePrefix={arXiv},
      primaryClass={stat.ML},
      url={https://arxiv.org/abs/1312.6114}, 
}

@article{doersch2016tutorial,
    title={Tutorial on variational autoencoders},
    author={Doersch, Carl},
    journal={arXiv preprint arXiv:1606.05908},
    year={2016}
}

@article{chevrot2022cae,
    title={CAE: Contextual auto-encoder for multivariate time-series anomaly detection in air transportation},
    author={Chevrot, Antoine and Vernotte, Alexandre and Legeard, Bruno},
    journal={Computers \& Security},
    volume={116},
    pages={102652},
    year={2022},
    publisher={Elsevier}
}

@article{li2024deep,
    title={Deep causal inference for understanding the impact of meteorological variations on traffic},
    author={Li, Can and Liu, Wei and Yang, Hai},
    journal={Transportation Research Part C: Emerging Technologies},
    volume={165},
    pages={104744},
    year={2024},
    publisher={Elsevier}
}

@article{papamakarios2021normalizing,
    title={Normalizing flows for probabilistic modeling and inference},
    author={Papamakarios, George and Nalisnick, Eric and Rezende, Danilo Jimenez and Mohamed, Shakir and Lakshminarayanan, Balaji},
    journal={Journal of Machine Learning Research},
    volume={22},
    number={57},
    pages={1--64},
    year={2021}
}

@article{croitoru2023diffusion,
    title={Diffusion models in vision: A survey},
    author={Croitoru, Florinel-Alin and Hondru, Vlad and Ionescu, Radu Tudor and Shah, Mubarak},
    journal={IEEE Transactions on Pattern Analysis and Machine Intelligence},
    volume={45},
    number={9},
    pages={10850--10869},
    year={2023},
    publisher={IEEE}
}

@article{yamaguchi2023limitation,
    title={On the Limitation of Diffusion Models for Synthesizing Training Datasets},
    author={Yamaguchi, Shin'ya and Fukuda, Takuma},
    journal={arXiv preprint arXiv:2311.13090},
    year={2023}
}

@article{hoffman2013stochastic,
    title={Stochastic variational inference},
    author={Hoffman, Matthew D and Blei, David M and Wang, Chong and Paisley, John},
    journal={Journal of Machine Learning Research},
    year={2013}
}

@article{yang2023diffusion,
    title={Diffusion models: A comprehensive survey of methods and applications},
    author={Yang, Ling and Zhang, Zhilong and Song, Yang and Hong, Shenda and Xu, Runsheng and Zhao, Yue and Zhang, Wentao and Cui, Bin and Yang, Ming-Hsuan},
    journal={ACM Computing Surveys},
    volume={56},
    number={4},
    pages={1--39},
    year={2023},
    publisher={ACM New York, NY, USA}
}

@misc{guo2023diffusionmodelsbioinformaticsnew,
    title={Diffusion Models in Bioinformatics: A New Wave of Deep Learning Revolution in Action}, 
    author={Zhiye Guo and Jian Liu and Yanli Wang and Mengrui Chen and Duolin Wang and Dong Xu and Jianlin Cheng},
    year={2023},
    eprint={2302.10907},
    archivePrefix={arXiv},
    primaryClass={cs.LG},
    url={https://arxiv.org/abs/2302.10907}, 
}

@inproceedings{
    xu2023diffscene,
    title={DiffScene: Diffusion-Based Safety-Critical Scenario Generation for Autonomous Vehicles},
    author={Chejian Xu and Ding Zhao and Alberto Sangiovanni-Vincentelli and Bo Li},
    booktitle={The Second Workshop on New Frontiers in Adversarial Machine Learning},
    year={2023},
    url={https://openreview.net/forum?id=hclEbdHida}
}

@article{
    cramer_sbi_2020,
    author = {Kyle Cranmer  and Johann Brehmer  and Gilles Louppe },
    title = {The frontier of simulation-based inference},
    journal = {Proceedings of the National Academy of Sciences},
    volume = {117},
    number = {48},
    pages = {30055-30062},
    year = {2020},
    doi = {10.1073/pnas.1912789117},
    URL = {https://www.pnas.org/doi/abs/10.1073/pnas.1912789117},
    eprint = {https://www.pnas.org/doi/pdf/10.1073/pnas.1912789117},
}

@misc{hao2023physicsinformedmachinelearningsurvey,
    title={Physics-Informed Machine Learning: A Survey on Problems, Methods and Applications}, 
    author={Zhongkai Hao and Songming Liu and Yichi Zhang and Chengyang Ying and Yao Feng and Hang Su and Jun Zhu},
    year={2023},
    eprint={2211.08064},
    archivePrefix={arXiv},
    primaryClass={cs.LG},
    url={https://arxiv.org/abs/2211.08064}, 
}

@article{Karniadakis_Kevrekidis_Lu_Perdikaris_Wang_Yang_2021, 
    title={Physics-informed machine learning}, volume={3}, rights={2021 Springer Nature Limited}, ISSN={2522-5820}, url={https://www.nature.com/articles/s42254-021-00314-5}, DOI={10.1038/s42254-021-00314-5}, number={6}, journal={Nature Reviews Physics}, author={Karniadakis, George Em and Kevrekidis, Ioannis G. and Lu, Lu and Perdikaris, Paris and Wang, Sifan and Yang, Liu}, year={2021}, month=jun, pages={422–440}, language={en}
}

@misc{gloeckler2024allinonesimulationbasedinference,
    title={All-in-one simulation-based inference}, 
    author={Manuel Gloeckler and Michael Deistler and Christian Weilbach and Frank Wood and Jakob H. Macke},
    year={2024},
    eprint={2404.09636},
    archivePrefix={arXiv},
    primaryClass={cs.LG},
    url={https://arxiv.org/abs/2404.09636}, 
}

@inproceedings{enea_analysis_2024,
	address = {Rome, Italy},
	title = {Analysis of Weather-Driven Air Traffic Management {Challenges} for Major {US} and {European} Airports},
	booktitle = {Single {European} Sky {ATM} Research 3 Joint Undertaking Innovation Days 2024},
	author = {Enea, Gabriele and Reynolds, Tom and Weber, Mark and Codina, Ramon Dalmau and Schaefer, Dirk},
	month = nov,
	year = {2024},
}

@inproceedings{liu_modeling_2020,
	title = {Modeling ground delay program incidence using convective and local weather information},
	author = {Liu, Yi and Hansen, Mark and Zhang, Danqing and Liu, Yulin and Pozdnukhov, Alexey},
	year = {2020},
        booktitle = {Twelfth USA/Europe Air Traffic Management Research and Development Seminar}
}

@article{ZENG2024102935,
    title = {Improved air traffic flow prediction in terminal areas using a multimodal spatial–temporal network for weather-aware (MST-WA) model},
    journal = {Advanced Engineering Informatics},
    volume = {62},
    pages = {102935},
    year = {2024},
    issn = {1474-0346},
    doi = {https://doi.org/10.1016/j.aei.2024.102935},
    url = {https://www.sciencedirect.com/science/article/pii/S147403462400586X},
    author = {Yang Zeng and Minghua Hu and Haiyan Chen and Ligang Yuan and Sameer Alam and Dabin Xue},
    keywords = {Air Traffic Flow Prediction (ATFP), Terminal Areas, Multimodal Spatial-Temporal Network, Weather-Aware Prediction, Residual Network (ResNet), Long Short-Term Memory (LSTM)},
}

@ARTICLE{10925872,
    author={Dawson, Charles and Parashar, Anjali and Fan, Chuchu},
    journal={IEEE Transactions on Robotics}, 
    title={RADIUM: Predicting and Repairing End-to-End Robot Failures Using Gradient-Accelerated Sampling}, 
    year={2025},
    volume={41},
    number={},
    pages={2268-2284},
    keywords={Maintenance engineering;Robots;Testing;Rendering (computer graphics);Safety;Costs;Computational modeling;Monte Carlo methods;Space exploration;Hardware;Design optimization;falsification;Markov Chain Monte Carlo (MCMC);optimization-as-inference},
    doi={10.1109/TRO.2025.3551198}
}


@article{DBLP:journals/corr/abs-2203-02038,
    publtype={informal},
    author={Charles Dawson and Chuchu Fan},
    title={Robust Counterexample-guided Optimization for Planning from Differentiable Temporal Logic},
    year={2022},
    cdate={1640995200000},
    journal={CoRR},
    volume={abs/2203.02038},
    url={https://doi.org/10.48550/arXiv.2203.02038}
}



@misc{ruhe2022normalizingflowshierarchicalbayesian,
    title={Normalizing Flows for Hierarchical Bayesian Analysis: A Gravitational Wave Population Study}, 
    author={David Ruhe and Kaze Wong and Miles Cranmer and Patrick Forré},
    year={2022},
    eprint={2211.09008},
    archivePrefix={arXiv},
    primaryClass={astro-ph.IM},
    url={https://arxiv.org/abs/2211.09008}, 
}

@article{gouveia1998swi,
    author = {Gouveia, Wences P. and Scales, John A.},
    title = {Bayesian seismic waveform inversion: Parameter estimation and uncertainty analysis},
    journal = {Journal of Geophysical Research: Solid Earth},
    volume = {103},
    number = {B2},
    pages = {2759-2779},
    doi = {https://doi.org/10.1029/97JB02933},
    url = {https://agupubs.onlinelibrary.wiley.com/doi/abs/10.1029/97JB02933},
    eprint = {https://agupubs.onlinelibrary.wiley.com/doi/pdf/10.1029/97JB02933},
    year = {1998}
}

@ARTICLE{bharti2022radio,
    author={Bharti, Ayush and Briol, François-Xavier and Pedersen, Troels},
    journal={IEEE Transactions on Antennas and Propagation}, 
    title={A General Method for Calibrating Stochastic Radio Channel Models With Kernels}, 
    year={2022},
    volume={70},
    number={6},
    pages={3986-4001},
    keywords={Calibration;Stochastic processes;Channel models;Data models;Computational modeling;Kernel;Frequency measurement;Approximate Bayesian computation (ABC);calibration;kernel methods;likelihood-free inference;machine learning;maximum mean discrepancy (MMD);radio channel modeling},
    doi={10.1109/TAP.2021.3083761}
}


@misc{trostle2022gaussianprocessapproximationspatialsir,
      title={A Gaussian-process approximation to a spatial SIR process using moment closures and emulators}, 
      author={Parker Trostle and Joseph Guinness and Brian J. Reich},
      year={2022},
      eprint={2208.03157},
      archivePrefix={arXiv},
      primaryClass={stat.ME},
      url={https://arxiv.org/abs/2208.03157}, 
}

@inproceedings{reitmann_advanced_2019,
	address = {Vienna, Austria},
	title = {Advanced quantification of weather impact on air traffic management},
	volume = {44},
	booktitle = {13th {Air} {Traffic} {Management} {Research} and {Development} {Seminar}},
	author = {Reitmann, Stefan and Alam, Sameer and Schultz, Michael},
	year = {2019},
	pages = {554--567},
}

@article{PYRGIOTIS201360,
    title = {Modelling delay propagation within an airport network},
    journal = {Transportation Research Part C: Emerging Technologies},
    volume = {27},
    pages = {60-75},
    year = {2013},
    note = {Selected papers from the Seventh Triennial Symposium on Transportation Analysis (TRISTAN VII)},
    issn = {0968-090X},
    doi = {https://doi.org/10.1016/j.trc.2011.05.017},
    url = {https://www.sciencedirect.com/science/article/pii/S0968090X11000878},
    author = {Nikolas Pyrgiotis and Kerry M. Malone and Amedeo Odoni},
    keywords = {Airport delays, Network of airports, Delay propagation},
}

@misc{listoflfexamples,
    title = {List of Likelihood-free Examples},
    url = {https://github.com/dennisprangle/LFexamples}, 
    author = {Dennis Prangle},
    year = {2018}
}

@misc{standev2018rstan,
    title = {{RStan}: the {R} interface to {Stan}},
    author = {{Stan Development Team}},
    note = {R package version 2.17.3},
    year = {2018},
    url = {http://mc-stan.org/},
}

@misc{standev2018stancore,
    title = {{The Stan Core Library}},
    author = {{Stan Development Team}},
    note = {Version 2.18.0},
    year = {2018},
    url = {http://mc-stan.org/},
}

@inbook{riguzzi2018ppl,
    author = {Riguzzi, Fabrizio and Swift, Theresa},
    title = {A survey of probabilistic logic programming},
    year = {2018},
    isbn = {9781970001990},
    publisher = {Association for Computing Machinery and Morgan \& Claypool},
    url = {https://doi.org/10.1145/3191315.3191319},
    booktitle = {Declarative Logic Programming: Theory, Systems, and Applications},
    pages = {185–228},
    numpages = {44}
}





% from 18.655
@book{
    efron_hastie_2016, 
    place={Cambridge}, 
    series={Institute of Mathematical Statistics Monographs}, 
    title={Computer Age Statistical Inference: Algorithms, Evidence, and Data Science}, 
    DOI={10.1017/CBO9781316576533}, 
    publisher={Cambridge University Press}, 
    author={Efron, Bradley and Hastie, Trevor}, 
    year={2016}, 
    collection={Institute of Mathematical Statistics Monographs}
}

@book{
    efron_2010, 
    place={Cambridge}, 
    series={Institute of Mathematical Statistics Monographs}, 
    title={Large-Scale Inference: Empirical Bayes Methods for Estimation, Testing, and Prediction}, 
    DOI={10.1017/CBO9780511761362}, 
    publisher={Cambridge University Press}, 
    author={Efron, Bradley}, 
    year={2010}, 
    collection={Institute of Mathematical Statistics Monographs}
}

@article{10.1214/09-STS308,
    author = {Bradley Efron},
    title = {The Future of Indirect Evidence},
    volume = {25},
    journal = {Statistical Science},
    number = {2},
    publisher = {Institute of Mathematical Statistics},
    pages = {145 -- 157},
    keywords = {Bayesian and frequentist, Benjamini–Hochberg, effect size, experience of others, False discovery rates, James–Stein, Statistical learning},
    year = {2010},
    doi = {10.1214/09-STS308},
    URL = {https://doi.org/10.1214/09-STS308}
}

@article{10.2307/2242237,
    ISSN = {00905364},
    URL = {http://www.jstor.org/stable/2242237},
    author = {Peter Yi-Shi Shao and William E. Strawderman},
    journal = {The Annals of Statistics},
    number = {3},
    pages = {1517--1538},
    publisher = {Institute of Mathematical Statistics},
    title = {Improving on the James-Stein Positive-Part Estimator},
    urldate = {2023-05-16},
    volume = {22},
    year = {1994}
}

@book{baranchik1964multiple,
    title={Multiple Regression and Estimation of the Mean of a Multivariate Normal Distribution},
    author={Baranchik, A.J. and Stanford University. Department of Statistics and United States. Office of Naval Research},
    series={Technical report},
    url={https://books.google.com/books?id=FzFCAAAAIAAJ},
    year={1964},
    publisher={Department of Statistics, Stanford University}
}

@inbook{
    Stein_1956, 
    title={Inadmissibility of the Usual Estimator for the Mean of a Multivariate Normal Distribution}, 
    volume={3.1}, url={https://projecteuclid.org/ebooks/berkeley-symposium-on-mathematical-statistics-and-probability/Proceedings-of-the-Third-Berkeley-Symposium-on-Mathematical-Statistics-and/chapter/Inadmissibility-of-the-Usual-Estimator-for-the-Mean-of-a/bsmsp/1200501656},
    booktitle={Proceedings of the Third Berkeley Symposium on Mathematical Statistics and Probability, Volume 1: Contributions to the Theory of Statistics}, 
    publisher={University of California Press}, 
    author={Stein, Charles}, 
    year={1956}, 
    month=jan, 
    pages={197–207} 
}

@inbook{
    Robbins_1956, 
    title={An Empirical Bayes Approach to Statistics}, 
    volume={3.1}, 
    url={https://projecteuclid.org/ebooks/berkeley-symposium-on-mathematical-statistics-and-probability/Proceedings-of-the-Third-Berkeley-Symposium-on-Mathematical-Statistics-and/chapter/An-Empirical-Bayes-Approach-to-Statistics/bsmsp/1200501653}, 
    booktitle={Proceedings of the Third Berkeley Symposium on Mathematical Statistics and Probability, Volume 1: Contributions to the Theory of Statistics}, 
    publisher={University of California Press}, 
    author={Robbins, Herbert}, 
    year={1956}, 
    month=jan, 
    pages={157–164} 
}

@article{10.2307/2240405,
    ISSN = {00905364},
    URL = {http://www.jstor.org/stable/2240405},
    author = {Charles M. Stein},
    journal = {The Annals of Statistics},
    number = {6},
    pages = {1135--1151},
    publisher = {Institute of Mathematical Statistics},
    title = {Estimation of the Mean of a Multivariate Normal Distribution},
    urldate = {2023-05-16},
    volume = {9},
    year = {1981}
}

@article{Li_Gopalakrishnan_Pantoja_Balakrishnan_2021, 
    title={Graph Signal Processing Techniques for Analyzing Aviation Disruptions}, 
    volume={55}, 
    ISSN={0041-1655, 1526-5447}, url={https://pubsonline.informs.org/doi/10.1287/trsc.2020.1026}, 
    DOI={10.1287/trsc.2020.1026}, 
    number={3}, 
    journal={Transportation Science}, 
    author={Li, Max Z. and Gopalakrishnan, Karthik and Pantoja, Kristyn and Balakrishnan, Hamsa}, 
    year={2021}, 
    month=may, 
    pages={553–573}, 
    language={en} 
}

@article{
    Huynh_Ng_Toh_Feng_2024, 
    title={Understanding the impact of network structure on air travel pattern at different scales}, 
    volume={19}, 
    ISSN={1932-6203}, 
    url={https://journals.plos.org/plosone/article?id=10.1371/journal.pone.0299897}, 
    DOI={10.1371/journal.pone.0299897}, 
    number={3}, 
    journal={PLOS ONE}, 
    author={Huynh, Hoai Nguyen and Ng, Kuan Luen and Toh, Roy and Feng, Ling}, 
    year={2024},
    month=mar, 
    pages={e0299897}, 
    language={en} 
}

@article{
    Shushi_Yao_2020, 
    title={Multivariate risk measures based on conditional expectation and systemic risk for Exponential Dispersion Models}, 
    volume={93}, 
    ISSN={0167-6687}, 
    url={https://www.sciencedirect.com/science/article/pii/S0167668720300676}, 
    DOI={10.1016/j.insmatheco.2020.04.014}, 
    author={Shushi, Tomer and Yao, Jing}, 
    journal = {Insurance: Mathematics and Economics},
    volume={93},
    year={2020}, 
    month=jul, 
    pages={178–186} 
}

@TechReport{RePEc:hal:wpaper:hal-01831481,
    author={Arthur Charpentier},
    title={An introduction to multivariate and dynamic risk measures},
    year=2018,
    month=Jul,
    institution={HAL},
    type={Working Papers},
    url={https://ideas.repec.org/p/hal/wpaper/hal-01831481.html},
    number={hal-01831481},
    abstract={No abstract is available for this item.},
    keywords={},
    doi={},
}

@book{
    Mildenhall_Major_2022, 
    edition={1}, 
    series={Wiley Series in Probability and Statistics}, 
    title={Pricing Insurance Risk: Theory and Practice}, 
    rights={http://doi.wiley.com/10.1002/tdm_license_1.1}, 
    ISBN={9781119755678}, 
    url={https://onlinelibrary.wiley.com/doi/book/10.1002/9781119756538}, 
    DOI={10.1002/9781119756538}, 
    publisher={Wiley}, 
    author={Mildenhall, Stephen J. and Major, John A.}, 
    year={2022}, 
    month=may, 
    collection={Wiley Series in Probability and Statistics},    
    language={en} 
}

@article{
    Artzner_Delbaen_Eber_Heath_1999, 
    title={Coherent Measures of Risk}, 
    volume={9}, 
    rights={http://onlinelibrary.wiley.com/termsAndConditions#vor}, ISSN={0960-1627, 1467-9965}, 
    url={https://onlinelibrary.wiley.com/doi/10.1111/1467-9965.00068}, 
    DOI={10.1111/1467-9965.00068}, 
    abstractNote={In this paper we study both market risks and nonmarket risks, without complete markets assumption, and discuss methods of measurement of these risks. We present and justify a set of four desirable properties for measures of risk, and call the measures satisfying these properties “coherent.” We examine the measures of risk provided and the related actions required by SPAN, by the SEC/NASD rules, and by quantile‐based methods. We demonstrate the universality of scenario‐based methods for providing coherent measures. We offer suggestions concerning the SEC method. We also suggest a method to repair the failure of subadditivity of quantile‐based methods.}, 
    number={3}, 
    journal={Mathematical Finance}, 
    author={Artzner, Philippe and Delbaen, Freddy and Eber, Jean‐Marc and Heath, David}, 
    year={1999}, 
    month=jul, 
    pages={203–228}, 
    language={en} 
}

@Article{risks11110194,
    AUTHOR = {Sepanski, Jungsywan H. and Wang, Xiwen},
    TITLE = {New Classes of Distortion Risk Measures and Their Estimation},
    JOURNAL = {Risks},
    VOLUME = {11},
    YEAR = {2023},
    NUMBER = {11},
    ARTICLE-NUMBER = {194},
    URL = {https://www.mdpi.com/2227-9091/11/11/194},
    ISSN = {2227-9091},
    DOI = {10.3390/risks11110194}
}

@article{wirch_hardy_2003,
    author = {Wirch, JL and Hardy, Mary},
    year = {2003},
    month = {02},
    pages = {168-168},
    title = {Distortion risk measures. Coherence and stochastic dominance},
    volume = {32},
    journal = {Insurance Mathematics and Economics}
}

@misc{pandey2019estimationspectralriskmeasures,
    title={Estimation of Spectral Risk Measures}, 
    author={Ajay Kumar Pandey and Prashanth L. A. and Sanjay P. Bhat},
    year={2019},
    eprint={1912.10398},
    archivePrefix={arXiv},
    primaryClass={cs.LG},
    url={https://arxiv.org/abs/1912.10398}, 
}

@misc{cakmak2020bayesianoptimizationriskmeasures,
      title={Bayesian Optimization of Risk Measures}, 
      author={Sait Cakmak and Raul Astudillo and Peter Frazier and Enlu Zhou},
      year={2020},
      eprint={2007.05554},
      archivePrefix={arXiv},
      primaryClass={stat.ML},
      url={https://arxiv.org/abs/2007.05554}, 
}

@book{lyons2017probability,
    title={Probability on trees and networks},
    author={Lyons, Russell and Peres, Yuval},
    volume={42},
    year={2017},
    publisher={Cambridge University Press}
}

@misc{hutchcroft2022notes,
    author = {Hutchcroft, Tom},
    title = {Random walks and uniform spanning trees},
    month = may, 
    year = 2022,
    url = {https://www.dropbox.com/scl/fi/161ldfsojdf195uu6v4q9/RW_and_USTs_Public.pdf?rlkey=681gd6vji2a2zut0ftjpa6yc6&e=1&dl=0}
}

@article{Benjamini_Lyons_Peres_Schramm_2001, 
    title={Uniform spanning forests}, 
    volume={29}, 
    ISSN={0091-1798, 2168-894X}, 
    url={https://projecteuclid.org/journals/annals-of-probability/volume-29/issue-1/Uniform-spanning-forests/10.1214/aop/1008956321.full}, 
    DOI={10.1214/aop/1008956321}, 
    number={1}, 
    journal={The Annals of Probability}, 
    author={Benjamini, Itai and Lyons, Russell and Peres, Yuval and Schramm, Oded}, 
    year={2001}, 
    month=feb, 
    pages={1–65} 
}

@inbook{Matsuzoe_2010, 
    title={Statistical manifolds and affine differential geometry}, 
    volume={57}, 
    url={https://projecteuclid.org/ebooks/advanced-studies-in-pure-mathematics/Probabilistic-Approach-to-Geometry/chapter/Statistical-manifolds-and-affine-differential-geometry/10.2969/aspm/05710303}, 
    DOI={10.2969/aspm/05710303}, 
    booktitle={Probabilistic Approach to Geometry}, 
    publisher={Mathematical Society of Japan}, 
    author={Matsuzoe, Hiroshi}, 
    year={2010}, 
    month=jan, 
    pages={303–322} 
}

@misc{bigot2019statisticaldataanalysiswasserstein,
      title={Statistical data analysis in the Wasserstein space}, 
      author={Jérémie Bigot},
      year={2019},
      eprint={1907.08417},
      archivePrefix={arXiv},
      primaryClass={math.ST},
      url={https://arxiv.org/abs/1907.08417}, 
}

@article{ITOH2008347,
    title = {Fisher information metric and Poisson kernels},
    journal = {Differential Geometry and its Applications},
    volume = {26},
    number = {4},
    pages = {347-356},
    year = {2008},
    issn = {0926-2245},
    doi = {https://doi.org/10.1016/j.difgeo.2007.11.027},
    url = {https://www.sciencedirect.com/science/article/pii/S0926224507001027},
    author = {Mitsuhiro Itoh and Yuichi Shishido},
    keywords = {Fisher information metric, Poisson kernel, Rank one symmetric space of non-compact type, Minimal embedding},
}

@book{Murray_Rice_1993, 
    address={London}, 
    series={Monographs on statistics and applied probability}, 
    title={Differential geometry and statistics}, 
    ISBN={9780412398605}, 
    callNumber={519.5}, 
    publisher={Chapman and Hall}, 
    author={Murray, Michael K. and Rice, John W.}, 
    year={1993}, 
    collection={Monographs on statistics and applied probability}, language={eng} 
}

@article{Ran_Xi_Lu_Wang_Lu_2023, 
    title={Comprehensive survey on hierarchical clustering algorithms and the recent developments}, 
    volume={56}, 
    ISSN={1573-7462}, 
    url={https://doi.org/10.1007/s10462-022-10366-3},  
    DOI={10.1007/s10462-022-10366-3}, 
    number={8}, 
    journal={Artificial Intelligence Review}, 
    author={Ran, Xingcheng and Xi, Yue and Lu, Yonggang and Wang, Xiangwen and Lu, Zhenyu}, 
    year={2023}, 
    month=aug, 
    pages={8219–8264}, 
    language={en} 
}

@misc{chazal2021introductiontopologicaldataanalysis,
    title={An introduction to Topological Data Analysis: fundamental and practical aspects for data scientists}, 
    author={Frédéric Chazal and Bertrand Michel},
    year={2021},
    eprint={1710.04019},
    archivePrefix={arXiv},
    primaryClass={math.ST},
    url={https://arxiv.org/abs/1710.04019}, 
}

@article{Buhlmann_1967, 
    title={Experience Rating and Credibility}, 
    volume={4}, 
    DOI={10.1017/S0515036100008989}, 
    number={3}, 
    journal={ASTIN Bulletin}, 
    author={Bühlmann, Hans}, 
    year={1967}, 
    pages={199–207}
} 

@article{Kobyzev_2021,
   title={Normalizing Flows: An Introduction and Review of Current Methods},
   volume={43},
   ISSN={1939-3539},
   url={http://dx.doi.org/10.1109/TPAMI.2020.2992934},
   DOI={10.1109/tpami.2020.2992934},
   number={11},
   journal={IEEE Transactions on Pattern Analysis and Machine Intelligence},
   publisher={Institute of Electrical and Electronics Engineers (IEEE)},
   author={Kobyzev, Ivan and Prince, Simon J.D. and Brubaker, Marcus A.},
   year={2021},
   month=nov, pages={3964–3979} 
}

@misc{rezende2016variationalinferencenormalizingflows,
      title={Variational Inference with Normalizing Flows}, 
      author={Danilo Jimenez Rezende and Shakir Mohamed},
      year={2016},
      eprint={1505.05770},
      archivePrefix={arXiv},
      primaryClass={stat.ML},
      url={https://arxiv.org/abs/1505.05770}, 
}



@misc{onken2021otflowfastaccuratecontinuous,
      title={OT-Flow: Fast and Accurate Continuous Normalizing Flows via Optimal Transport}, 
      author={Derek Onken and Samy Wu Fung and Xingjian Li and Lars Ruthotto},
      year={2021},
      eprint={2006.00104},
      archivePrefix={arXiv},
      primaryClass={cs.LG},
      url={https://arxiv.org/abs/2006.00104}, 
}

@misc{lipman2023flowmatchinggenerativemodeling,
      title={Flow Matching for Generative Modeling}, 
      author={Yaron Lipman and Ricky T. Q. Chen and Heli Ben-Hamu and Maximilian Nickel and Matt Le},
      year={2023},
      eprint={2210.02747},
      archivePrefix={arXiv},
      primaryClass={cs.LG},
      url={https://arxiv.org/abs/2210.02747}, 
}

@misc{holderrieth2025generatormatchinggenerativemodeling,
      title={Generator Matching: Generative modeling with arbitrary Markov processes}, 
      author={Peter Holderrieth and Marton Havasi and Jason Yim and Neta Shaul and Itai Gat and Tommi Jaakkola and Brian Karrer and Ricky T. Q. Chen and Yaron Lipman},
      year={2025},
      eprint={2410.20587},
      archivePrefix={arXiv},
      primaryClass={cs.LG},
      url={https://arxiv.org/abs/2410.20587}, 
}


@article{WU2022100030,
    title = {Revealing influence of meteorological conditions and flight factors on delays Using XGBoost},
    journal = {Journal of Computational Mathematics and Data Science},
    volume = {3},
    pages = {100030},
    year = {2022},
    issn = {2772-4158},
    doi = {https://doi.org/10.1016/j.jcmds.2022.100030},
    url = {https://www.sciencedirect.com/science/article/pii/S2772415822000050},
    author = {Yinghan Wu and Gang Mei and Kaixuan Shao},
    keywords = {Data analysis, Flight delay, Meteorological condition, Machine learning, XGBoost},
}

@inproceedings{Chen:2016:XST:2939672.2939785,
    author = {Chen, Tianqi and Guestrin, Carlos},
    title = {{XGBoost}: A Scalable Tree Boosting System},
    booktitle = {Proceedings of the 22nd ACM SIGKDD International Conference on Knowledge Discovery and Data Mining},
    series = {KDD '16},
    year = {2016},
    isbn = {978-1-4503-4232-2},
    location = {San Francisco, California, USA},
    pages = {785--794},
    numpages = {10},
    url = {http://doi.acm.org/10.1145/2939672.2939785},
    doi = {10.1145/2939672.2939785},
    acmid = {2939785},
    publisher = {ACM},
    address = {New York, NY, USA},
    keywords = {large-scale machine learning},
}